<collection xmlns="http://www.loc.gov/MARC21/slim">
<record>
  <leader>01823nam0a2200301 i 450 </leader>
  <controlfield tag="001">IT\ICCU\CNCE\015479</controlfield>
  <controlfield tag="005">20070410000000.0</controlfield>
  <datafield tag="012" ind1=" " ind2=" ">
    <subfield code="a">a.o. sia. a,de o.o- (S) 1577 (R)</subfield>
    <subfield code="2">fei</subfield>
  </datafield>
  <datafield tag="100" ind1=" " ind2=" ">
    <subfield code="a">19970101d1577        0itac0103    ba</subfield>
  </datafield>
  <datafield tag="101" ind1=" " ind2=" ">
    <subfield code="a">ITA</subfield>
  </datafield>
  <datafield tag="102" ind1=" " ind2=" ">
    <subfield code="a">IT</subfield>
  </datafield>
  <datafield tag="200" ind1="1" ind2=" ">
    <subfield code="a">Summario di tutte l&apos;indulgenze concesse dalla fel. mem. di n.s. papa Paolo III  alla venerab. Compagnia del Santissimo Sacramento del Corpo di Christo. Come per li breui... La copia de&apos; quali autentica  ̈riseruata nella Compagnia di questa citt ̉di Macerata. Con il sommario delle gratie &amp; indulgenze di nouo concesse dal ... papa Gregorio XIII alla medesima Compagnia ne l&apos;anno ...1575</subfield>
  </datafield>
  <datafield tag="210" ind1=" " ind2=" ">
    <subfield code="a">In Macerata</subfield>
    <subfield code="c">appresso Sebastiano Martellini. Ad instantia di Tibuttio libraro in Macerata</subfield>
    <subfield code="d">1577</subfield>
  </datafield>
  <datafield tag="215" ind1=" " ind2=" ">
    <subfield code="a">1 foglio</subfield>
    <subfield code="d">atl</subfield>
  </datafield>
  <datafield tag="620" ind1=" " ind2=" ">
    <subfield code="a">IT</subfield>
    <subfield code="d">Macerata</subfield>
  </datafield>
  <datafield tag="710" ind1="0" ind2="2">
    <subfield code="a">Confraternita del SS. Sacramento</subfield>
    <subfield code="c"> &lt;Macerata&gt;</subfield>
    <subfield code="3">3964</subfield>
  </datafield>
  <datafield tag="702" ind1=" " ind2="0">
    <subfield code="a">Gregorius</subfield>
    <subfield code="c"> &lt;papa</subfield>
    <subfield code="c"> ; 13.&gt;</subfield>
    <subfield code="3">IT\ICCU\CNCA\000020</subfield>
  </datafield>
  <datafield tag="702" ind1=" " ind2="0">
    <subfield code="a">Paulus</subfield>
    <subfield code="c"> &lt;papa</subfield>
    <subfield code="c"> ; 3.&gt;</subfield>
    <subfield code="3">IT\ICCU\CNCA\003227</subfield>
  </datafield>
  <datafield tag="712" ind1="0" ind2="0">
    <subfield code="a">Martellini, Sebastiano</subfield>
    <subfield code="3">IT\ICCU\CNCT\000296</subfield>
    <subfield code="4">650</subfield>
  </datafield>
  <datafield tag="712" ind1="0" ind2="0">
    <subfield code="a">Conti, Tiburzio</subfield>
    <subfield code="3">IT\ICCU\CNCT\001702</subfield>
    <subfield code="4">650</subfield>
  </datafield>
  <datafield tag="791" ind1="0" ind2="2">
    <subfield code="a">Compagnia del SS. Sacramento</subfield>
    <subfield code="c"> &lt;Macerata&gt;</subfield>
    <subfield code="3">IT\ICCU\CNCT\003965</subfield>
    <subfield code="z">Confraternita del SS. Sacramento &lt;Macerata&gt;</subfield>
  </datafield>
  <datafield tag="791" ind1="0" ind2="2">
    <subfield code="a">Compagnia del SS. Sacramento del Corpo di Cristo</subfield>
    <subfield code="c"> &lt;Macerata&gt;</subfield>
    <subfield code="3">IT\ICCU\CNCT\003966</subfield>
    <subfield code="z">Confraternita del SS. Sacramento &lt;Macerata&gt;</subfield>
  </datafield>
  <datafield tag="790" ind1=" " ind2="1">
    <subfield code="a">Buoncompagni,</subfield>
    <subfield code="b">Ugo</subfield>
    <subfield code="3">IT\ICCU\CNCA\008198</subfield>
    <subfield code="z">Gregorius &lt;papa ; 13.&gt;</subfield>
  </datafield>
  <datafield tag="790" ind1=" " ind2="1">
    <subfield code="a">Farnese,</subfield>
    <subfield code="b">Alessandro</subfield>
    <subfield code="c"> &lt;1468-1549&gt;</subfield>
    <subfield code="3">IT\ICCU\CNCA\020800</subfield>
    <subfield code="z">Paulus &lt;papa ; 3.&gt;</subfield>
  </datafield>
  <datafield tag="791" ind1="0" ind2="0">
    <subfield code="a">Martellinus, Sebastianus</subfield>
    <subfield code="3">IT\ICCU\CNCT\005040</subfield>
    <subfield code="z">Martellini, Sebastiano</subfield>
  </datafield>
  <datafield tag="791" ind1="0" ind2="2">
    <subfield code="a">Tibuttio</subfield>
    <subfield code="3">IT\ICCU\CNCT\006319</subfield>
    <subfield code="z">Conti, Tiburzio</subfield>
  </datafield>
  <datafield tag="801" ind1=" " ind2="3">
    <subfield code="a">IT</subfield>
    <subfield code="b">ICCU</subfield>
    <subfield code="c">20201114</subfield>
  </datafield>
  <datafield tag="899" ind1=" " ind2=" ">
    <subfield code="a">Biblioteca comunale Mozzi-Borgetti. Macerata</subfield>
    <subfield code="1">MC0049</subfield>
    <subfield code="2">UMC CM</subfield>
  </datafield>
</record>
</collection>
